%YAML 1.1
%TAG !u! tag:unity3d.com,2011:
--- !u!1001 &100100000
Prefab:
  m_ObjectHideFlags: 1
  serializedVersion: 2
  m_Modification:
    m_TransformParent: {fileID: 0}
    m_Modifications: []
    m_RemovedComponents: []
  m_ParentPrefab: {fileID: 0}
  m_RootGameObject: {fileID: 1188298928808162}
  m_IsPrefabParent: 1
--- !u!1 &1188298928808162
GameObject:
  m_ObjectHideFlags: 0
  m_PrefabParentObject: {fileID: 0}
  m_PrefabInternal: {fileID: 100100000}
  serializedVersion: 5
  m_Component:
  - component: {fileID: 4083001375914940}
  - component: {fileID: 114748024795038862}
  - component: {fileID: 212155332744715798}
  - component: {fileID: 114586594093098890}
  - component: {fileID: 61859267313780612}
  - component: {fileID: 114572711977384648}
  m_Layer: 12
  m_Name: CoinWinged
  m_TagString: Untagged
  m_Icon: {fileID: 0}
  m_NavMeshLayer: 0
  m_StaticEditorFlags: 0
  m_IsActive: 1
--- !u!4 &4083001375914940
Transform:
  m_ObjectHideFlags: 1
  m_PrefabParentObject: {fileID: 0}
  m_PrefabInternal: {fileID: 100100000}
  m_GameObject: {fileID: 1188298928808162}
  m_LocalRotation: {x: -0, y: -0, z: -0, w: 1}
  m_LocalPosition: {x: -11.133776, y: -1.7110566, z: 0}
  m_LocalScale: {x: 1, y: 1, z: 1}
  m_Children: []
  m_Father: {fileID: 0}
  m_RootOrder: 0
  m_LocalEulerAnglesHint: {x: 0, y: 0, z: 0}
--- !u!61 &61859267313780612
BoxCollider2D:
  m_ObjectHideFlags: 1
  m_PrefabParentObject: {fileID: 0}
  m_PrefabInternal: {fileID: 100100000}
  m_GameObject: {fileID: 1188298928808162}
  m_Enabled: 1
  m_Density: 1
  m_Material: {fileID: 0}
  m_IsTrigger: 1
  m_UsedByEffector: 0
  m_UsedByComposite: 0
  m_Offset: {x: 0, y: 0}
  m_SpriteTilingProperty:
    border: {x: 0, y: 0, z: 0, w: 0}
    pivot: {x: 0.5, y: 0.5}
    oldSize: {x: 1, y: 1}
    newSize: {x: 1, y: 1}
    adaptiveTilingThreshold: 0.5
    drawMode: 0
    adaptiveTiling: 0
  m_AutoTiling: 0
  serializedVersion: 2
  m_Size: {x: 1, y: 1}
  m_EdgeRadius: 0
--- !u!114 &114572711977384648
MonoBehaviour:
  m_ObjectHideFlags: 1
  m_PrefabParentObject: {fileID: 0}
  m_PrefabInternal: {fileID: 100100000}
  m_GameObject: {fileID: 1188298928808162}
  m_Enabled: 1
  m_EditorHideFlags: 0
  m_Script: {fileID: 11500000, guid: 4fdc21e8c9b814577b1bc7c15082e433, type: 3}
  m_Name: 
  m_EditorClassIdentifier: 
  pivot: {x: 0, y: 0}
--- !u!114 &114586594093098890
MonoBehaviour:
  m_ObjectHideFlags: 1
  m_PrefabParentObject: {fileID: 0}
  m_PrefabInternal: {fileID: 100100000}
  m_GameObject: {fileID: 1188298928808162}
  m_Enabled: 1
  m_EditorHideFlags: 0
  m_Script: {fileID: 11500000, guid: 88fb3ea51bb752b49abd5037a4f40f6a, type: 3}
  m_Name: 
  m_EditorClassIdentifier: 
  spriteRenderer: {fileID: 212155332744715798}
  list:
  - animationName: Normal
    animation:
      speedRatio: 1
      loop: 1
      frameToLoop: 0
      frameDatas:
      - sprite: {fileID: 21300000, guid: 02ae0c708ee4bab46be9b6e5ec86cc72, type: 3}
        time: 0.06
        eventEnabled: 0
        eventName: 
      - sprite: {fileID: 21300002, guid: 02ae0c708ee4bab46be9b6e5ec86cc72, type: 3}
        time: 0.06
        eventEnabled: 0
        eventName: 
      - sprite: {fileID: 21300004, guid: 02ae0c708ee4bab46be9b6e5ec86cc72, type: 3}
        time: 0.06
        eventEnabled: 0
        eventName: 
      - sprite: {fileID: 21300006, guid: 02ae0c708ee4bab46be9b6e5ec86cc72, type: 3}
        time: 0.06
        eventEnabled: 0
        eventName: 
      - sprite: {fileID: 21300008, guid: 02ae0c708ee4bab46be9b6e5ec86cc72, type: 3}
        time: 0.06
        eventEnabled: 0
        eventName: 
      - sprite: {fileID: 21300010, guid: 02ae0c708ee4bab46be9b6e5ec86cc72, type: 3}
        time: 0.06
        eventEnabled: 0
        eventName: 
      - sprite: {fileID: 21300012, guid: 02ae0c708ee4bab46be9b6e5ec86cc72, type: 3}
        time: 0.06
        eventEnabled: 0
        eventName: 
      - sprite: {fileID: 21300014, guid: 02ae0c708ee4bab46be9b6e5ec86cc72, type: 3}
        time: 0.06
        eventEnabled: 0
        eventName: 
      name: Normal
      selectedIndex: 4
      newFramesTime: 0.06
    file: {fileID: 11400000, guid: d74f2738caa36458cbc8ce5b715758d5, type: 2}
  - animationName: Rail
    animation:
      speedRatio: 1
      loop: 1
      frameToLoop: 0
      frameDatas:
      - sprite: {fileID: 21300224, guid: 02ae0c708ee4bab46be9b6e5ec86cc72, type: 3}
        time: 0.1
        eventEnabled: 0
        eventName: 
      - sprite: {fileID: 21300226, guid: 02ae0c708ee4bab46be9b6e5ec86cc72, type: 3}
        time: 0.1
        eventEnabled: 0
        eventName: 
      - sprite: {fileID: 21300228, guid: 02ae0c708ee4bab46be9b6e5ec86cc72, type: 3}
        time: 0.1
        eventEnabled: 0
        eventName: 
      - sprite: {fileID: 21300230, guid: 02ae0c708ee4bab46be9b6e5ec86cc72, type: 3}
        time: 0.1
        eventEnabled: 0
        eventName: 
      - sprite: {fileID: 21300232, guid: 02ae0c708ee4bab46be9b6e5ec86cc72, type: 3}
        time: 0.1
        eventEnabled: 0
        eventName: 
      - sprite: {fileID: 21300234, guid: 02ae0c708ee4bab46be9b6e5ec86cc72, type: 3}
        time: 0.1
        eventEnabled: 0
        eventName: 
      - sprite: {fileID: 21300236, guid: 02ae0c708ee4bab46be9b6e5ec86cc72, type: 3}
        time: 0.1
        eventEnabled: 0
        eventName: 
      - sprite: {fileID: 21300238, guid: 02ae0c708ee4bab46be9b6e5ec86cc72, type: 3}
        time: 0.1
        eventEnabled: 0
        eventName: 
      name: Rail
      selectedIndex: 7
      newFramesTime: 0.1
    file: {fileID: 11400000, guid: d74f2738caa36458cbc8ce5b715758d5, type: 2}
  - animationName: Winged
    animation:
      speedRatio: 1
      loop: 1
      frameToLoop: 0
      frameDatas:
      - sprite: {fileID: 21300256, guid: 02ae0c708ee4bab46be9b6e5ec86cc72, type: 3}
        time: 0.1
        eventEnabled: 0
        eventName: 
      - sprite: {fileID: 21300258, guid: 02ae0c708ee4bab46be9b6e5ec86cc72, type: 3}
        time: 0.1
        eventEnabled: 0
        eventName: 
      - sprite: {fileID: 21300260, guid: 02ae0c708ee4bab46be9b6e5ec86cc72, type: 3}
        time: 0.1
        eventEnabled: 0
        eventName: 
      - sprite: {fileID: 21300262, guid: 02ae0c708ee4bab46be9b6e5ec86cc72, type: 3}
        time: 0.1
        eventEnabled: 0
        eventName: 
      - sprite: {fileID: 21300264, guid: 02ae0c708ee4bab46be9b6e5ec86cc72, type: 3}
        time: 0.1
        eventEnabled: 0
        eventName: 
      - sprite: {fileID: 21300266, guid: 02ae0c708ee4bab46be9b6e5ec86cc72, type: 3}
        time: 0.1
        eventEnabled: 0
        eventName: 
      - sprite: {fileID: 21300268, guid: 02ae0c708ee4bab46be9b6e5ec86cc72, type: 3}
        time: 0.1
        eventEnabled: 0
        eventName: 
      - sprite: {fileID: 21300270, guid: 02ae0c708ee4bab46be9b6e5ec86cc72, type: 3}
        time: 0.1
        eventEnabled: 0
        eventName: 
      name: Winged
      selectedIndex: 7
      newFramesTime: 0.1
    file: {fileID: 11400000, guid: d74f2738caa36458cbc8ce5b715758d5, type: 2}
  - animationName: Collected
    animation:
      speedRatio: 1
      loop: 0
      frameToLoop: 0
      frameDatas:
      - sprite: {fileID: 21300016, guid: 02ae0c708ee4bab46be9b6e5ec86cc72, type: 3}
        time: 0.04
        eventEnabled: 0
        eventName: 
      - sprite: {fileID: 21300018, guid: 02ae0c708ee4bab46be9b6e5ec86cc72, type: 3}
        time: 0.04
        eventEnabled: 0
        eventName: 
      - sprite: {fileID: 21300020, guid: 02ae0c708ee4bab46be9b6e5ec86cc72, type: 3}
        time: 0.04
        eventEnabled: 0
        eventName: 
      - sprite: {fileID: 21300022, guid: 02ae0c708ee4bab46be9b6e5ec86cc72, type: 3}
        time: 0.04
        eventEnabled: 0
        eventName: 
      - sprite: {fileID: 21300024, guid: 02ae0c708ee4bab46be9b6e5ec86cc72, type: 3}
        time: 0.04
        eventEnabled: 0
        eventName: 
      - sprite: {fileID: 21300026, guid: 02ae0c708ee4bab46be9b6e5ec86cc72, type: 3}
        time: 0.04
        eventEnabled: 0
        eventName: 
      name: Collected
      selectedIndex: 5
      newFramesTime: 0.04
    file: {fileID: 11400000, guid: d74f2738caa36458cbc8ce5b715758d5, type: 2}
  assets:
  - {fileID: 11400000, guid: d74f2738caa36458cbc8ce5b715758d5, type: 2}
  mode: 0
  animIdx: 2
  speedRatio: 1
  minPlayFrom: 0
  maxPlayFrom: 7
  playFrom: 0
  autoStart: 1
--- !u!114 &114748024795038862
MonoBehaviour:
  m_ObjectHideFlags: 1
  m_PrefabParentObject: {fileID: 0}
  m_PrefabInternal: {fileID: 100100000}
  m_GameObject: {fileID: 1188298928808162}
  m_Enabled: 1
  m_EditorHideFlags: 0
  m_Script: {fileID: 11500000, guid: d424d4e0f225b464ea15684caf937eab, type: 3}
  m_Name: 
  m_EditorClassIdentifier: 
  itemKey: 1
  value: 1
  collisionLayers:
    serializedVersion: 2
    m_Bits: 2048
  audioKey:
    value: 0
  normalAnimation: Winged
  collectedAnimation: Collected
--- !u!212 &212155332744715798
SpriteRenderer:
  m_ObjectHideFlags: 1
  m_PrefabParentObject: {fileID: 0}
  m_PrefabInternal: {fileID: 100100000}
  m_GameObject: {fileID: 1188298928808162}
  m_Enabled: 1
  m_CastShadows: 0
  m_ReceiveShadows: 0
  m_MotionVectors: 1
  m_LightProbeUsage: 0
  m_ReflectionProbeUsage: 0
  m_Materials:
  - {fileID: 2100000, guid: 86a721d711ba6154a80b0ee51c897a14, type: 2}
  m_StaticBatchInfo:
    firstSubMesh: 0
    subMeshCount: 0
  m_StaticBatchRoot: {fileID: 0}
  m_ProbeAnchor: {fileID: 0}
  m_LightProbeVolumeOverride: {fileID: 0}
  m_ScaleInLightmap: 1
  m_PreserveUVs: 0
  m_IgnoreNormalsForChartDetection: 0
  m_ImportantGI: 0
  m_SelectedEditorRenderState: 0
  m_MinimumChartSize: 4
  m_AutoUVMaxDistance: 0.5
  m_AutoUVMaxAngle: 89
  m_LightmapParameters: {fileID: 0}
  m_SortingLayerID: 878873653
  m_SortingLayer: 5
  m_SortingOrder: 0
  m_Sprite: {fileID: 21300256, guid: 02ae0c708ee4bab46be9b6e5ec86cc72, type: 3}
  m_Color: {r: 1, g: 1, b: 1, a: 1}
  m_FlipX: 0
  m_FlipY: 0
  m_DrawMode: 0
  m_Size: {x: 1, y: 1}
  m_AdaptiveModeThreshold: 0.5
  m_SpriteTileMode: 0
